@misc{Landa2013,
	author	= {Norbert Landa},
	title 	= {{Thwarting Traffic Analysis in Onion Routing}},
	school	= {RWTH Aachen University},
	year	= {2013},
	note	= {Master thesis}
}

@misc{Pennekamp2014,
	author	= {Jan Pennekamp},
	title	= {{Evaluating Website Fingerprinting Attacks in Real-World Settings}},
	school	= {RWTH Aachen University},
	year	= {2014},
	note	= {Bachelor thesis}
}

@misc{Mitseva2015,
	author	= {Asya Mitseva},
	title	= {{Fingerprinting Tor Hidden Services}},
	school	= {RWTH Aachen University},
	year	= {2015},
	note	= {Master thesis}
}

@inproceedings{Wang2014,
  author 	= "Tao Wang and Xiang Cai and Rishab Nithyanand and Rob Johnson and Ian Goldberg",
  title 	= "Effective Attacks and Provable Defenses for Website Fingerprinting",
  booktitle 	= "Proceedings of the 23rd USENIX Conference on Security Symposium",
  publisher     = "USENIX Association",
  address 	= "San Diego, CA, USA",
  pages 	= "1--15",
  month		= "August",
  year 		= {2014}
}

@inproceedings{juarez2014critical,
  author	= "Marc Juarez and Sadia Afroz and Gunes Acar and Claudia Diaz and Rachel Greenstadt",
  title		= "A Critical Evaluation of Website Fingerprinting Attacks",
  booktitle	= {Proceedings of the 21st ACM Conference on Computer and Communications Security (CCS)},
  publisher     = "ACM",
  address	= "Scottsdale, Arizona, USA",
  pages         = "263-274",
  month		= "November",
  year		= {2014}
}

@inproceedings{Panchenko2016,
  author 	= "Andriy Panchenko and Fabian Lanze and Andreas Zinnen and Martin Henze and Jan Pennekamp and Klaus Wehrle and Thomas Engel",
  title 	= "Website Fingerprinting at Internet Scale",
  booktitle 	= "Proceedings of the 23rd Internet Society (ISOC) Network and Distributed System Security Symposium (NDSS)",
  publisher 	= "Internet Society",
  address 	= "San Diego, CA, USA",
  pages 	= "",
  month 	= "February",
  year 		= {2016}
}

@inproceedings{tor_design_paper,
  author 	= "Roger Dingledine and Nick Mathewson and Paul Syverson",
  title 	= "Tor: The Second-generation Onion Router",
  booktitle 	= "Proceedings of the 13th Conference on USENIX Security Symposium",
  publisher 	= "USENIX Association",
  address 	= "San Diego, CA, USA",
  pages         = "21--37",
  month 	= "August",
  year 		= {2004}
}

@misc{rendezvous_spec,
  title  	= "{T}or {R}endezvous {S}pecification",
  howpublished	= "\url{https://gitweb.torproject.org/torspec.git/tree/rend-spec.txt}"
}
